@misc{goodfellow2014explaining,
    title={Explaining and Harnessing Adversarial Examples},
    author={Ian J. Goodfellow and Jonathon Shlens and Christian Szegedy},
    year={2014},
    eprint={1412.6572},
    archivePrefix={arXiv},
    primaryClass={stat.ML}
}

@misc{kurakin2016adversarial,
    title={Adversarial examples in the physical world},
    author={Alexey Kurakin and Ian Goodfellow and Samy Bengio},
    year={2016},
    eprint={1607.02533},
    archivePrefix={arXiv},
    primaryClass={cs.CV}
}

@misc{moosavidezfooli2015deepfool,
    title={DeepFool: a simple and accurate method to fool deep neural networks},
    author={Seyed-Mohsen Moosavi-Dezfooli and Alhussein Fawzi and Pascal Frossard},
    year={2015},
    eprint={1511.04599},
    archivePrefix={arXiv},
    primaryClass={cs.LG}
}

@misc{dong2017boosting,
    title={Boosting Adversarial Attacks with Momentum},
    author={Yinpeng Dong and Fangzhou Liao and Tianyu Pang and Hang Su and Jun Zhu and Xiaolin Hu and Jianguo Li},
    year={2017},
    eprint={1710.06081},
    archivePrefix={arXiv},
    primaryClass={cs.LG}
}

@misc{dong2019benchmarking,
    title={Benchmarking Adversarial Robustness},
    author={Yinpeng Dong and Qi-An Fu and Xiao Yang and Tianyu Pang and Hang Su and Zihao Xiao and Jun Zhu},
    year={2019},
    eprint={1912.11852},
    archivePrefix={arXiv},
    primaryClass={cs.CV}
}

@misc{yuan2017adversarial,
    title={Adversarial Examples: Attacks and Defenses for Deep Learning},
    author={Xiaoyong Yuan and Pan He and Qile Zhu and Xiaolin Li},
    year={2017},
    eprint={1712.07107},
    archivePrefix={arXiv},
    primaryClass={cs.LG}
}

@misc{kurakin2018adversarial,
    title={Adversarial Attacks and Defences Competition},
    author={Alexey Kurakin and Ian Goodfellow and Samy Bengio and Yinpeng Dong and Fangzhou Liao and Ming Liang and Tianyu Pang and Jun Zhu and Xiaolin Hu and Cihang Xie and Jianyu Wang and Zhishuai Zhang and Zhou Ren and Alan Yuille and Sangxia Huang and Yao Zhao and Yuzhe Zhao and Zhonglin Han and Junjiajia Long and Yerkebulan Berdibekov and Takuya Akiba and Seiya Tokui and Motoki Abe},
    year={2018},
    eprint={1804.00097},
    archivePrefix={arXiv},
    primaryClass={cs.CV}
}

@misc{prakash2018deflecting,
    title={Deflecting Adversarial Attacks with Pixel Deflection},
    author={Aaditya Prakash and Nick Moran and Solomon Garber and Antonella DiLillo and James Storer},
    year={2018},
    eprint={1801.08926},
    archivePrefix={arXiv},
    primaryClass={cs.CV}
}

@misc{santhanam2018defending,
    title={Defending Against Adversarial Attacks by Leveraging an Entire GAN},
    author={Gokula Krishnan Santhanam and Paulina Grnarova},
    year={2018},
    eprint={1805.10652},
    archivePrefix={arXiv},
    primaryClass={stat.ML}
}

@misc{naseer2018local,
    title={Local Gradients Smoothing: Defense against localized adversarial attacks},
    author={Muzammal Naseer and Salman H. Khan and Fatih Porikli},
    year={2018},
    eprint={1807.01216},
    archivePrefix={arXiv},
    primaryClass={cs.CV}
}